@Article{Aho:72,
  author = 	 {Alfred V. Aho and Jeffrey D. Ullman},
  title = 	 {The Theory of Parsing},
  journal = 	 {Translation and Compiling},
  year = 	 {1972},
  OPTkey = 	 {},
  volume = 	 {1},
  OPTnumber = 	 {},
  OPTpages = 	 {},
  OPTmonth = 	 {},
  OPTnote = 	 {},
  OPTannote = 	 {}
}

@Book{APA,
  author = 	 {American Psychological Association},
  ALTeditor = 	 {},
  title = 	 {Publications Manual},
  publisher = 	 {American Psychological Association, Washington, DC.},
  year = 	 {1983},
  OPTkey = 	 {},
  OPTvolume = 	 {},
  OPTnumber = 	 {},
  OPTseries = 	 {},
  OPTaddress = 	 {},
  OPTedition = 	 {},
  OPTmonth = 	 {},
  OPTnote = 	 {},
  OPTannote = 	 {}
}

@Article{ACM:83,
  author = 	 {Association for Computing Machinery},
  title = 	 {Association for Computing Machinery},
  journal = 	 {Computing Reviews},
  year = 	 {1983},
  OPTkey = 	 {},
  volume = 	 {24},
  number = 	 {11},
  pages = 	 {503-512},
  OPTmonth = 	 {},
  OPTnote = 	 {},
  OPTannote = 	 {}
}

@Article{Chandra:81,
  author = 	 {Ashok K. Chandra and Dexter C. Kozen and Larry J. Stockmeyer},
  title = 	 {Alternation},
  journal = 	 {Journal of the Association for Computing Machinery},
  year = 	 {1981},
  OPTkey = 	 {},
  volume = 	 {28},
  number = 	 {1},
  pages = 	 {114-133},
  OPTmonth = 	 {},
  OPTnote = 	 {},
  OPTannote = 	 {}
}

@Book{Gusfield:97,
  author = 	 {Dan Gusfield.},
  ALTeditor = 	 {},
  title = 	 {Algorithms on Strings, Trees and Sequences},
  publisher = 	 {Cambridge University Press, Cambridge, UK.},
  year = 	 {1997},
  OPTkey = 	 {},
  OPTvolume = 	 {},
  OPTnumber = 	 {},
  OPTseries = 	 {},
  OPTaddress = 	 {},
  OPTedition = 	 {},
  OPTmonth = 	 {},
  OPTnote = 	 {},
  OPTannote = 	 {}
}

@Article{Vichet_2015,
  author = 	 {Vichet Chea and Ye Kyaw Thu and Chenchen Ding and Masao Utiyama and Andrew Finch and Eiichiro Sumita},
  title = 	 {Khmer Word Segmentation Using Conditional Random Fields},
  booktitle = 	 {In Khmer Natural Language Processing 2015 (KNLP2015), December 4, 2015, Phnom Penh, Cambodia},
  howpublished = "\url{https://niptict.edu.kh/wp-content/uploads/2016/05/Khmer-Word-Segmentation-Using-Conditional-Random-Fields-edit.pdf}",
  year = 	 {2015},
  note = "[Online; accessed 29-June-2022]"
}

@Article{Ye_KhmerSMT_2015,
  author = {Ye Kyaw Thu and Vichet Chea and Andrew Finch and Masao Utiyama and Eiichiro Sumita},
  title = 	 {A Large-scale Study of Statistical Machine Translation Methods for Khmer Language},
  booktitle = 	 {29th Pacific Asia Conference on Language, Information and Computation, Shanghai, China, October 30 - November 1},
  year = 	 {2015},
  pages = {259--269}
}

@Article{Ye_KhmerPOS_2017,
  author = {Ye Kyaw Thu and Vichet Chea and Yoshinori Sagisaka},
  title = 	 {Comparison of Six POS Tagging Methods on 12K Sentences Khmer Language POS Tagged Corpus},
  booktitle = 	 {In the first Regional Conference on Optical character recognition and Natural language processing technologies for ASEAN languages (ONA 2017), December 7-8, 2017, Phnom Penh, Cambodia},
  year = 	 {2017}
}
