@inproceedings{DBLP:conf/hai/ThuIINN17,
  author    = {Ye Kyaw Thu and
               Takuya Ishida and
               Naoto Iwahashi and
               Tomoaki Nakamura and
               Takayuki Nagai},
  editor    = {Britta Wrede and
               Yukie Nagai and
               Takanori Komatsu and
               Marc Hanheide and
               Lorenzo Natale},
  title     = {Symbol Grounding from Natural Conversation for Human-Robot Communication},
  booktitle = {Proceedings of the 5th International Conference on Human Agent Interaction,
               {HAI} 2017, Bielefeld, Germany, October 17 - 20, 2017},
  pages     = {415--419},
  publisher = {{ACM}},
  year      = {2017},
  url       = {https://doi.org/10.1145/3125739.3132611},
  doi       = {10.1145/3125739.3132611},
  timestamp = {Tue, 06 Nov 2018 11:07:27 +0100},
  biburl    = {https://dblp.org/rec/conf/hai/ThuIINN17.bib},
  bibsource = {dblp computer science bibliography, https://dblp.org}
}

@misc{original_poster,
  author = {Ye Kyaw Thu and
               Takuya Ishida and
               Naoto Iwahashi and
               Tomoaki Nakamura and
               Takayuki Nagai},
  title = {{Original poster for CADT Beamer Poster Template}},
  howpublished = "\url{https://github.com/ye-kyaw-thu/papers/blob/master/HAI2017/hai2017-poster.pdf}",
  year = {2017}, 
  note = "[Online; accessed 28-June-2022]"
}
